@inproceedings{DBLP:conf/fg/DuchierDPL10,
  author    = {Denys Duchier and
               Thi-Bich-Hanh Dao and
               Yannick Parmentier and
               Willy Lesaint},
  title     = {Property Grammar Parsing Seen as a Constraint Optimization
               Problem},
  booktitle = {FG},
  year      = {2010},
  pages     = {82-96},
  ee        = {http://dx.doi.org/10.1007/978-3-642-32024-8_6},
  crossref  = {DBLP:conf/fg/2011},
  bibsource = {DBLP, http://dblp.uni-trier.de}
}
@proceedings{DBLP:conf/fg/2011,
  editor    = {Philippe de Groote and
               Mark-Jan Nederhof},
  title     = {Formal Grammar - 15th and 16th International Conferences,
               FG 2010, Copenhagen, Denmark, August 2010, FG 2011, Ljubljana,
               Slovenia, August 2011, Revised Selected Papers},
  booktitle = {FG},
  publisher = {Springer},
  series    = {Lecture Notes in Computer Science},
  volume    = {7395},
  year      = {2012},
  isbn      = {978-3-642-32023-1},
  ee        = {http://dx.doi.org/10.1007/978-3-642-32024-8},
  bibsource = {DBLP, http://dblp.uni-trier.de}
}


@INPROCEEDINGS{waltz,
    author = {David Waltz},
    title = {Understanding Line Drawings of Scenes with Shadows},
    booktitle = {The Psychology of Computer Vision},
    year = {1975},
    pages = {pages},
    publisher = {McGraw-Hill}
}

@book{shieber,
  author    = {Stuart M. Shieber},
  title     = {Constraint-based grammar formalisms - parsing and type inference
               for natural and computer languages},
  publisher = {MIT Press},
  year      = {1992},
  isbn      = {978-0-262-19324-5},
  pages     = {I-XI, 1-183},
  ee        = {http://mitpress.mit.edu/catalog/item/default.asp?ttype=2{\&}tid=5840},
  bibsource = {DBLP, http://dblp.uni-trier.de}
}

@techreport{BM00,
    author    = "Philippe Blache and Morawietz, Frank",
    title     = "Some Aspects of Natural Language Processing and Constraint Programming",
    institution = "Universitat Stuttgart, Universitat Tubingen, IBM Deutschland",
    year      = "2000"
}

@techreport{Bes,
    author    = "Gabriel G. Bes and Caroline Hagege",
    title     = "Properties in 5P",
    institution = "Universite de Clermont Ferrand",
    year      = "2001"
}
@article{Woods1970,
 author = {Woods, W. A.},
 title = {Transition network grammars for natural language analysis},
 journal = {Commun. ACM},
 issue_date = {Oct. 1970},
 volume = {13},
 number = {10},
 month = oct,
 year = {1970},
 issn = {0001-0782},
 pages = {591--606},
 numpages = {16},
 url = {http://doi.acm.org/10.1145/355598.362773},
 doi = {10.1145/355598.362773},
 acmid = {362773},
 publisher = {ACM},
 address = {New York, NY, USA},
 keywords = {computational linguistics, grammar models, grammars, linguistics, natural languages analysis, parsing, semantic interpretation, transformational grammars, transition network grammars},
} 

@article{dulizia,
  author    = {Arianna D'Ulizia and
               Fernando Ferri and
               Patrizia Grifoni},
  title     = {A survey of grammatical inference methods for natural language learning},
  journal   = {Artif. Intell. Rev.},
  volume    = {36},
  number    = {1},
  year      = {2011},
  pages     = {1-27},
  ee        = {http://dx.doi.org/10.1007/s10462-010-9199-1},
  bibsource = {DBLP, http://dblp.uni-trier.de}
}

@PHDTHESIS{vanRullen2005,
  title={Vers une analyse syntaxique à granularité variable},
  author={Tristan van Rullen},
  school={Université de Provence},
  year={2005}
}

@article{logcom13DuchierEtAl,
  author = {Duchier,Denys and Dao,Thi-Bich-Hanh and
  Parmentier,Yannick},
  title = {{Model-Theory and Implementation of Property Grammars with
  Features}},
  journal = {Journal of Logic and Computation},
  year = {2013},
  pages = {19},
  comment = {Accepted for publication in a special issue of JLC on
  ''Grammar, Parsing and Recognition''. To appear},
  url = {http://hal.archives-ouvertes.fr/hal-00782398/en/}
  }
  
  @book{AD89,
  author    = {Harvey Abramson and
               Ver{\'o}nica Dahl},
  title     = {Logic grammars},
  publisher = {Springer},
  series    = {Symbolic computation: artificial intelligence},
  year      = {1989},
  isbn      = {978-0-387-96961-9},
  pages     = {I-XIV, 1-234},
  bibsource = {DBLP, http://dblp.uni-trier.de}
}

  @inproceedings{IDLP,
  author    = {Gerald Gazdar},
  title     = {Phrase Structure Grammars and Natural Languages},
  booktitle = {IJCAI},
  year      = {1983},
  pages     = {556-565},
  Xcrossref  = {DBLP:conf/ijcai/1983},
  bibsource = {DBLP, http://dblp.uni-trier.de}
}
  @inproceedings{BB01,
  author    = {Philippe Blache and
               Jean-Marie Balfourier},
  title     = {Property Grammars: a Flexible Constraint-Based Approach
               to Parsing},
  booktitle = {IWPT},
  year      = {2001},
  Xcrossref  = {DBLP:conf/iwpt/2001},
  bibsource = {DBLP, http://dblp.uni-trier.de}
}
@inproceedings{per:sch:1992,
  author    = {Fernando C. N. Pereira and
               Yves Schabes},
  title     = {Inside-Outside Reestimation from Partially Bracketed Corpora},
  booktitle = {ACL},
  year      = {1992},
  pages     = {128-135},
  crossref  = {DBLP:conf/acl/1992},
  bibsource = {DBLP, http://dblp.uni-trier.de}
}

@proceedings{DBLP:conf/acl/1992,
  editor    = {Henry S. Thompson},
  title     = {30th Annual Meeting of the Association for Computational
               Linguistics, 28 June - 2 July 1992, University of Delaware,
               Newark, Deleware, USA, Proceedings},
  booktitle = {ACL},
  publisher = {ACL},
  year      = {1992},
  ee        = {http://aclweb.org/anthology-new/P/P92/},
  bibsource = {DBLP, http://dblp.uni-trier.de}
}

@inproceedings{kl:ma:2004,
  author    = {Dan Klein and
               Christopher D. Manning},
  title     = {Corpus-Based Induction of Syntactic Structure: Models of
               Dependency and Constituency},
  booktitle = {ACL},
  year      = {2004},
  pages     = {478-485},
  ee        = {http://acl.ldc.upenn.edu/acl2004/main/pdf/341_pdf_2-col.pdf},
  crossref  = {DBLP:conf/acl/2004},
  bibsource = {DBLP, http://dblp.uni-trier.de}
}

@proceedings{DBLP:conf/acl/2004,
  editor    = {Donia Scott and
               Walter Daelemans and
               Marilyn A. Walker},
  title     = {Proceedings of the 42nd Annual Meeting of the Association
               for Computational Linguistics, 21-26 July, 2004, Barcelona,
               Spain},
  booktitle = {ACL},
  publisher = {ACL},
  year      = {2004},
  ee        = {http://aclweb.org/anthology-new/P/P04/},
  bibsource = {DBLP, http://dblp.uni-trier.de}
}

@article{BlacheGuenot,
author	= {Philippe Blache and
		Marie-Laure Guenot and
		 Tristan van Rullen},
title	= {A corpus-based technique for grammar development},
year    = {2003}
}

@inproceedings{CharJohn:2005,
  author    = {Eugene Charniak and
               Mark Johnson},
  title     = {Coarse-to-Fine n-Best Parsing and MaxEnt Discriminative
               Reranking},
  booktitle = {ACL},
  year      = {2005},
  ee        = {http://acl.ldc.upenn.edu/P/P05/P05-1022.pdf},
  crossref  = {DBLP:conf/acl/2005},
  bibsource = {DBLP, http://dblp.uni-trier.de}
}

@inproceedings{Muresan2010,
  author    = {Smaranda Muresan},
  title     = {A Learnable Constraint-based Grammar Formalism},
  booktitle = {COLING (Posters)},
  year      = {2010},
  pages     = {885-893},
  ee        = {http://aclweb.org/anthology-new/C/C10/C10-2102.pdf},
  crossref  = {DBLP:conf/coling/2010p},
  bibsource = {DBLP, http://dblp.uni-trier.de}
}

@proceedings{DBLP:conf/coling/2010p,
  editor    = {Chu-Ren Huang and
               Dan Jurafsky},
  title     = {COLING 2010, 23rd International Conference on Computational
               Linguistics, Posters Volume, 23-27 August 2010, Beijing,
               China},
  booktitle = {COLING (Posters)},
  publisher = {Chinese Information Processing Society of China},
  year      = {2010},
  bibsource = {DBLP, http://dblp.uni-trier.de}
}


@proceedings{DBLP:conf/acl/2005,
  editor    = {Kevin Knight and
               Hwee Tou Ng and
               Kemal Oflazer},
  title     = {ACL 2005, 43rd Annual Meeting of the Association for Computational
               Linguistics, Proceedings of the Conference, 25-30 June 2005,
               University of Michigan, USA},
  booktitle = {ACL},
  publisher = {The Association for Computer Linguistics},
  year      = {2005},
  ee        = {http://aclweb.org/anthology-new/P/P05/},
  bibsource = {DBLP, http://dblp.uni-trier.de}
}

@inproceedings{Wang:2007,
  author    = {Mengqiu Wang and
               Noah A. Smith and
               Teruko Mitamura},
  title     = {What is the Jeopardy Model? A Quasi-Synchronous Grammar
               for QA},
  booktitle = {EMNLP-CoNLL},
  year      = {2007},
  pages     = {22-32},
  ee        = {http://www.aclweb.org/anthology/D07-1003},
  crossref  = {DBLP:conf/emnlp/2007},
  bibsource = {DBLP, http://dblp.uni-trier.de}
}

@proceedings{DBLP:conf/emnlp/2007,
  title     = {EMNLP-CoNLL 2007, Proceedings of the 2007 Joint Conference
               on Empirical Methods in Natural Language Processing and
               Computational Natural Language Learning, June 28-30, 2007,
               Prague, Czech Republic},
  booktitle = {EMNLP-CoNLL},
  publisher = {ACL},
  year      = {2007},
  bibsource = {DBLP, http://dblp.uni-trier.de}
}

@article{Cohen:2010,
  author    = {Shay B. Cohen and
               Noah A. Smith},
  title     = {Covariance in Unsupervised Learning of Probabilistic Grammars},
  journal   = {Journal of Machine Learning Research},
  volume    = {11},
  year      = {2010},
  pages     = {3017-3051},
  ee        = {http://portal.acm.org/citation.cfm?id=1953030},
  bibsource = {DBLP, http://dblp.uni-trier.de}
}
@inproceedings{BurkKlein:2008,
  author    = {David Burkett and
               Dan Klein},
  title     = {Two Languages are Better than One (for Syntactic Parsing)},
  booktitle = {EMNLP},
  year      = {2008},
  pages     = {877-886},
  ee        = {http://www.aclweb.org/anthology/D08-1092},
  crossref  = {DBLP:conf/emnlp/2008},
  bibsource = {DBLP, http://dblp.uni-trier.de}
}

@proceedings{DBLP:conf/emnlp/2008,
  title     = {2008 Conference on Empirical Methods in Natural Language
               Processing, EMNLP 2008, Proceedings of the Conference, 25-27
               October 2008, Honolulu, Hawaii, USA, A meeting of SIGDAT,
               a Special Interest Group of the ACL},
  booktitle = {EMNLP},
  publisher = {ACL},
  year      = {2008},
  bibsource = {DBLP, http://dblp.uni-trier.de}
}

@article{Christiansen01,
  author    = {Henning Christiansen},
  title     = {C{H}{R} grammars},
  journal   = {TPLP},
  volume    = {5},
  number    = {4-5},
  year      = {2005},
  pages     = {467-501},
  ee        = {http://dx.doi.org/10.1017/S1471068405002395},
  bibsource = {DBLP, http://dblp.uni-trier.de}
}

@inproceedings{Headden:2009,
  author    = {William P. Headden and
               Mark Johnson and
               David McClosky},
  title     = {Improving Unsupervised Dependency Parsing with Richer Contexts
               and Smoothing},
  booktitle = {HLT-NAACL},
  year      = {2009},
  pages     = {101-109},
  ee        = {http://www.aclweb.org/anthology/N09-1012},
  crossref  = {DBLP:conf/naacl/2009},
  bibsource = {DBLP, http://dblp.uni-trier.de}
}

@proceedings{DBLP:conf/naacl/2009,
  title     = {Human Language Technologies: Conference of the North American
               Chapter of the Association of Computational Linguistics,
               Proceedings, May 31 - June 5, 2009, Boulder, Colorado, USA},

  booktitle = {HLT-NAACL},
  publisher = {The Association for Computational Linguistics},
  year      = {2009},
  isbn      = {978-1-932432-41-1},
  bibsource = {DBLP, http://dblp.uni-trier.de}
}

@incollection{Chomsky77,
  
  title={Deep structure, surface structure, and semantic interpretation},
  
  author={Chomsky, N.},
 

  booktitle={Semantics: An Interdisciplinary Reader in Philosophy, Linguistics and Psychology},
  
  editor={Steinberg, D.D. and Jakobovits, L.A.},
  
  isbn={9780521204996},
  
  lccn={78123675},
 
  year={1978},
 
  publisher={Cambridge University Press}
}


@inproceedings{Blache,
  author    = {Philippe Blache},
  title     = {Property Grammars: A Fully Constraint-Based Theory},
  booktitle = {CSLP},
  year      = {2004},
  pages     = {1-16},
  ee        = {http://dx.doi.org/10.1007/11424574_1},
  crossref  = {DBLP:conf/cslp/2004},
  bibsource = {DBLP, http://dblp.uni-trier.de}
}

@proceedings{DBLP:conf/cslp/2004,
  editor    = {Henning Christiansen and
               Peter Rossen Skadhauge and
               J{\o}rgen Villadsen},
  title     = {Constraint Solving and Language Processing, First International
               Workshop, CSLP 2004, Roskilde, Denmark, September 1-3, 2004,
               Revised Selected and Invited Papers},
  booktitle = {CSLP},
  publisher = {Springer},
  series    = {Lecture Notes in Computer Science},
  volume    = {3438},
  year      = {2005},
  isbn      = {3-540-26165-6},
  bibsource = {DBLP, http://dblp.uni-trier.de}
}

@techreport{Farre,
  author    = {Jacques Farr\'{e}},
  title     = {First results in grammar acquisition using error-repair techniques}
}

@article{DB04,
author = {Veronica Dahl and Philippe Blache},
year = {2004},
title = {Directly Executable Constraint Based Grammars},
journal = {Proc. Journees Francophones de Programmation en Logique avec Contraintes}
}

@article{Fruhwirth98,
  author    = {Thom W. Fr{\"u}hwirth},
  title     = {Theory and Practice of Constraint Handling Rules},
  journal   = {J. Log. Program.},
  volume    = {37},
  number    = {1-3},
  year      = {1998},
  pages     = {95-138},
  ee        = {http://dx.doi.org/10.1016/S0743-1066(98)10005-5},
  bibsource = {DBLP, http://dblp.uni-trier.de}
}

@inproceedings{DM12,
	Address = {Department of Computer Science, K.U. Leuven},
	Author = {Dahl, V. and Miralles, J.E},
	Booktitle = {Proceedings of the 9th Workshop on Constraint Handling Rules},
	Date-Added = {2013-03-29 13:16:32 +0000},
	Date-Modified = {2013-03-29 13:16:32 +0000},
	Editor = {Sneyers, J. and Fr\"{u}hwirth, T.},
	Pages = {32--40},
	Title = {Womb Grammars: Constraint Solving for Grammar Induction},
	Volume = {Technical Report CW 624},
	Year = {2012}}
	
@article{DMB12,
  author    = {Juan Emilio Miralles and Veronica Dahl and Leonor Becerra},
  title     = {On Language Acquisition Through {W}omb
{G}rammars},
  year      = {2012},
  note      = {Proc. CSLP 2012, Sept 13-14, Orleans, France}
}

@MISC{Nicolas:towardsefficient,
    author = {Lionel Nicolas and Miguel A. Molinero and Beno\^{i}t Sagot and Elena S\'{a}nchez Trigo and de La Clergerie, \'{E}ric and and Jacques Farr\'{e} and Joan Miquel Verg\'{e}s},
    title = {Towards efficient production of linguistic resources: the {V}ictoria {P}roject},
    year = {2009}
}

@book{odlin1989language,
  title={Language Transfer: Cross-Linguistic Influence in Language Learning},
  author={Odlin, T.},
  isbn={9780521378093},
  lccn={88030760},
  series={The Cambridge Applied Linguistics Series},
  year={1989},
  publisher={Cambridge University Press}
}